@book{aiw,
    title = "Alice's Adventures in Wonderland",
    author = "Lewis Carroll",
    publisher = "George MacDonald",
    year = 1865
}

@book{multiParadigm,
    title = "Multi Paradigm",
    publisher = "https://th.wikipedia.org/wiki/%E0%B8%81%E0%B8%A3%E0%B8%B0%E0%B8%9A%E0%B8%A7%E0%B8%99%E0%B8%97%E0%B8%B1%E0%B8%A8%E0%B8%99%E0%B9%8C%E0%B8%81%E0%B8%B2%E0%B8%A3%E0%B9%80%E0%B8%82%E0%B8%B5%E0%B8%A2%E0%B8%99%E0%B9%82%E0%B8%9B%E0%B8%A3%E0%B9%81%E0%B8%81%E0%B8%A3%E0%B8%A1",
}

@book{graphic3D,
    title = "graphic 3D",
    publisher = "https://th.wikipedia.org/wiki/%E0%B8%84%E0%B8%AD%E0%B8%A1%E0%B8%9E%E0%B8%B4%E0%B8%A7%E0%B9%80%E0%B8%95%E0%B8%AD%E0%B8%A3%E0%B9%8C%E0%B8%81%E0%B8%A3%E0%B8%B2%E0%B8%9F%E0%B8%B4%E0%B8%81%E0%B8%AA%E0%B9%8C%E0%B8%AA%E0%B8%B2%E0%B8%A1%E0%B8%A1%E0%B8%B4%E0%B8%95%E0%B8%B4#:~:text=%E0%B8%84%E0%B8%AD%E0%B8%A1%E0%B8%9E%E0%B8%B4%E0%B8%A7%E0%B9%80%E0%B8%95%E0%B8%AD%E0%B8%A3%E0%B9%8C%E0%B8%81%E0%B8%A3%E0%B8%B2%E0%B8%9F%E0%B8%B4%E0%B8%81%E0%B8%AA%E0%B9%8C%E0%B8%AA%E0%B8%B2%E0%B8%A1%E0%B8%A1%E0%B8%B4%E0%B8%95%E0%B8%B4%E0%B8%AB%E0%B8%A3%E0%B8%B7%E0%B8%AD%20%E0%B9%80%E0%B8%A3%E0%B8%82%E0%B8%A0%E0%B8%B2%E0%B8%9E%E0%B8%84%E0%B8%AD%E0%B8%A1%E0%B8%9E%E0%B8%B4%E0%B8%A7%E0%B9%80%E0%B8%95%E0%B8%AD%E0%B8%A3%E0%B9%8C%E0%B8%AA%E0%B8%B2%E0%B8%A1,%E0%B8%84%E0%B8%93%E0%B8%B4%E0%B8%95%E0%B8%A8%E0%B8%B2%E0%B8%AA%E0%B8%95%E0%B8%A3%E0%B9%8C%E0%B9%81%E0%B8%A5%E0%B8%B0%E0%B8%81%E0%B8%A3%E0%B8%B0%E0%B8%9A%E0%B8%A7%E0%B8%99%E0%B8%81%E0%B8%B2%E0%B8%A3%E0%B8%9E%E0%B8%B1%E0%B8%92%E0%B8%99%E0%B8%B2%E0%B8%8B%E0%B8%AD%E0%B8%9F%E0%B8%95%E0%B9%8C%E0%B9%81%E0%B8%A7%E0%B8%A3%E0%B9%8C",
}
@book{streaming,
    title = "streaming coding",
    publisher = "https://www.jittagornp.me/blog/java-io-stream/",
}


@book{NET_Framework,
    title = "Window, .NET Framework",
    publisher = "https://www.mindphp.com/%E0%B8%9A%E0%B8%97%E0%B8%84%E0%B8%A7%E0%B8%B2%E0%B8%A1/242-iot-internet-of-things/6680-what-is-net-framework.html#:~:text=NET%20Framework%20%E0%B8%84%E0%B8%B7%E0%B8%AD%20%E0%B8%A3%E0%B8%B9%E0%B8%9B%E0%B9%81%E0%B8%9A%E0%B8%9A,%E0%B8%82%E0%B8%AD%E0%B8%87%20Microsoft%20%E0%B9%84%E0%B8%94%E0%B9%89%E0%B9%82%E0%B8%94%E0%B8%A2%E0%B8%87%E0%B9%88%E0%B8%B2%E0%B8%A2",
}
@book{VFX,
    title = "visial effect(VFX)",
    publisher = "https://www.youtube.com/watch?v=WlzTZhDTaag",
}
@book{aoe,
    title = "AOE skill",
    publisher = "https://kochii.me/rov/rov-skill-aoe-%E0%B8%84%E0%B8%B7%E0%B8%AD%E0%B8%AD%E0%B8%B0%E0%B9%84%E0%B8%A3/",
}
